@book{Couch,
	author = {Couch,II, Leon W.},
	title = {Digital and Analog Communication Systems},
	year = {2000},
	isbn = {0130812234},
	edition = {6th},
	publisher = {Prentice Hall PTR},
	address = {Upper Saddle River, NJ, USA},
}
@book{Carlson,
	title={Communication Systems},
	author={Carlson, A.B. and Crilly, P. and Crilly, P.B.},
	isbn={9780073380407},
	lccn={2008049008},
	year={2009},
	publisher={McGraw-Hill Education}
}
@book{Haykin,
	author = {Haykin, Simon},
	title = {Communication Systems},
	year = {2009},
	isbn = {0471697907, 9780471697909},
	edition = {5th},
	publisher = {Wiley Publishing},
}
@book{HaykinMoher,
	title={An Introduction to Analog and Digital Communications, 2nd Edition},
	author={Haykin, S. and Moher, M.},
	isbn={9781118313107},
	year={2006},
	publisher={Wiley}
}
@book{Proakis,
	author = {Proakis, John G.},
	publisher = {McGraw-Hill},
	title = {Digital Communications},
	year = {1995}
}
@book{Lee,
	title={Digital communication},
	author={Lee, Edward A and Messerschmitt, David G},
	year={2012},
	publisher={Springer Science \& Business Media}
}
